%bibtex

@INPROCEEDINGS{6031999,
author={Alvi, F. and Ahmed, M.},
booktitle={Computational Intelligence and Games (CIG), 2011 IEEE Conference on},
title={Complexity analysis and playing strategies for Ludo and its variant race games},
year={2011},
month={Aug},
pages={134-141},
keywords={evolutionary computation;game theory;learning (artificial intelligence);Ludo;evolutionary game analysis;non-deterministic race game;playing strategies;state-space complexity;temporal difference learning networks;Complexity theory;Computational intelligence;Conferences;Equations;Games;Training;Upper bound},
doi={10.1109/CIG.2011.6031999},}

@incollection{Rumelhart:1988:LRB:65669.104451,
 author = {Rumelhart, David E. and Hinton, Geoffrey E. and Williams, Ronald J.},
 chapter = {Learning Representations by Back-propagating Errors},
 title = {Neurocomputing: Foundations of Research},
 editor = {Anderson, James A. and Rosenfeld, Edward},
 year = {1988},
 isbn = {0-262-01097-6},
 pages = {696--699},
 numpages = {4},
 url = {http://dl.acm.org/citation.cfm?id=65669.104451},
 acmid = {104451},
 publisher = {MIT Press},
 address = {Cambridge, MA, USA},
} 